@book{Praktikumsanleitung,
        author = {Fabian Hügging},
        year = {2024},
        title = {Elektronik--Praktikum Versuchsanleitung},
        publisher = {Universität Bonn},
        edition = {Kurs B}
}
