@misc{Rutherford_proton_discovery,
        author = {John Campbell},
        year = {8. May 2019},
        title = {Rutherford, transmutation and the proton},
        howpublished = {\url{https://cerncourier.com/a/rutherford-transmutation-and-the-proton/}},
        note = {Letzter Zugriff: 2024-10-27}
}
@misc{CODATA_nuclear_magneton,
        author = {CODATA},
        year = {2022},
        howpublished = {\url{https://physics.nist.gov/cgi-bin/cuu/Value?mun|search_for=nuclear+magneton}},
        note = {Letzter Zugriff: 2024-10-27}
}
@misc{CODATA_proton_magneton,
        author = {CODATA},
        year = {2022},
        howpublished = {\url{https://physics.nist.gov/cgi-bin/cuu/Value?mup|search_for=magnetic+moment+proton}},
        note = {Letzter Zugriff: 2024-10-27}
}
@article{Rutherford1919,
        author = {Prof.\ Sir Ernest Rutherford},
        title = {Collision of $\alpha$ particles with light atoms. An anomalous effect in nitrogen.},
        journal = {The London, Edinburgh, and Dublin Philosophical Magazine and Journal of Science},
        volume = {37},
        pages = {581--587},
        year = {1919}
}
@article{FrischStern1933,
        author = {Otto Robert Frisch, Otto Stern},
        title = {Über die magnetische Ablenkung von Wasserstoffmolekülen und das magnetische Moment des Protons.},
        journal = {Zeitschrift für Physik},
        volume = {85},
        pages = {4--16},
        year = {1933}
}
@article{Gellmann1964,
        author = {Murray Gell--Mann},
        title = {A Schematic Model of Baryons and Mesons},
        journal = {Physics Letters},
        volume = {8},
        pages = {214--215},
        year = {1964}
}
@article{Zweig1964,
        author = {George Zweig},
        title = {An $SU_3$ model for strong interaction symmetry and its breaking},
        journal = {CERN},
        volume = {CERN-TH-401},
        pages = {1--24},
        year = {1964}
}
@article{Bloom1969,
        author = {Bloom and others},
        title = {Observed behavior of highly inelastic electron--proton scattering},
        journal = {Phys.\ Rev.\ Lett.},
        volume = {23},
        pages = {935--939},
        year = {1969}
}
@article{Weinberg2004,
   title={The making of the Standard Model},
   volume={34},
   ISSN={1434-6052},
   url={http://dx.doi.org/10.1140/epjc/s2004-01761-1},
   DOI={10.1140/epjc/s2004-01761-1},
   number={1},
   journal={The European Physical Journal C},
   publisher={Springer Science and Business Media LLC},
   author={Weinberg, S.},
   year={2004},
   month=may, pages={5–13} }

